@BOOK{
    Hogg2019,
    author    = "Robert V. Hogg and Joseph W. McKean and Allen T. Craig",
    title     = "Introduction to Mathematical Statistics",
    publisher = "Pearson Education, Inc.",
    year      = "2019",
    address   = "Boston",
    edition   = "eighth"
}
